/Users/daniele/Dropbox/Career/Research/MyPapers/bibliography.bib